@inproceedings{kurian2008natural,
  title={Natural Language Processing in India Prospects and Challanges},
  author={Kurian, Cini and Kannan Balakrishnan, K},
  booktitle={Proceedings of the International Conference on â€œRecent Trends in Computational Science},
  year={2008}
}

@misc{theindianexpress_2018, title={More than 19,500 mother tongues spoken in India: Census}, url={https://indianexpress.com/article/india/more-than-19500-mother-tongues-spoken-in-india-census-5241056/}, journal={The Indian Express}, year={2018}, month={Jul}} 

@misc{s_2019, title={In India, who speaks in English, and where?}, url={https://www.livemint.com/news/india/in-india-who-speaks-in-english-and-where-1557814101428.html}, journal={mint}, author={S, Rukmini}, year={2019}, month={May}}

@article{desai2021taxonomic,
  title={Taxonomic survey of Hindi Language NLP systems},
  author={Desai, Nikita P and Dabhi, Vipul K},
  journal={arXiv preprint arXiv:2102.00214},
  year={2021}
}

@article{philip2019baseline,
  title={A baseline neural machine translation system for indian languages},
  author={Philip, Jerin and Namboodiri, Vinay P and Jawahar, CV},
  journal={arXiv preprint arXiv:1907.12437},
  year={2019}
}

@article{rosca2016sequence,
  title={Sequence-to-sequence neural network models for transliteration},
  author={Rosca, Mihaela and Breuel, Thomas},
  journal={arXiv preprint arXiv:1610.09565},
  year={2016}
}

@inproceedings{deselaers2009deep,
  title={A deep learning approach to machine transliteration},
  author={Deselaers, Thomas and Hasan, Sa{\v{s}}a and Bender, Oliver and Ney, Hermann},
  booktitle={Proceedings of the Fourth Workshop on Statistical Machine Translation},
  pages={233--241},
  year={2009}
}

@article{kunchukuttan2020ai4bharat,
  title={Ai4bharat-indicnlp corpus: Monolingual corpora and word embeddings for indic languages},
  author={Kunchukuttan, Anoop and Kakwani, Divyanshu and Golla, Satish and Bhattacharyya, Avik and Khapra, Mitesh M and Kumar, Pratyush and others},
  journal={arXiv preprint arXiv:2005.00085},
  year={2020}
}

@article{singhnlp,
  title={NLP for Indian Languages},
  author={Singh, Navkiran},
  year = {2020}
}

@misc{news18_2020, title={Smartphone Users in India Crossed 500 Million in 2019, States Report}, url={https://www.news18.com/news/tech/smartphone-users-in-india-crossed-500-million-in-2019-states-report-2479529.html}, journal={News18}, year={2020}, month={Jan}} 


@misc{www.ettelecom.com_2020, title={India to have 820 million smartphone users by 2022 - ET Telecom}, url={https://telecom.economictimes.indiatimes.com/news/indian-to-have-820-million-smartphone-users-by-2022/76876183}, journal={ETTelecom.com}, author={www.ETTelecom.com}, year={2020}, month={Jul}}

@article{sharma2017machine,
  title={MACHINE TRANSLITERATION FOR INDIAN LANGUAGES: A REVIEW.},
  author={Sharma, Anupama and Rattan, Dhavleesh},
  journal={International Journal of Advanced Research in Computer Science},
  volume={8},
  number={8},
  year={2017}
}

@article{kulkarni2021experimental,
  title={Experimental Evaluation of Deep Learning models for Marathi Text Classification},
  author={Kulkarni, Atharva and Mandhane, Meet and Likhitkar, Manali and Kshirsagar, Gayatri and Jagdale, Jayashree and Joshi, Raviraj},
  journal={arXiv preprint arXiv:2101.04899},
  year={2021}
}






